<?xml version="1.0" encoding="UTF-8"?><record xmlns="http://www.loc.gov/MARC21/slim" xmlns:cinclude="http://apache.org/cocoon/include/1.0" xmlns:zs="http://www.loc.gov/zing/srw/">
  <leader>00549cz  a2200145n  4500</leader>
  <controlfield tag="001">n 2009047808</controlfield>
  <controlfield tag="003">DLC</controlfield>
  <controlfield tag="005">20100812074957.0</controlfield>
  <controlfield tag="008">090731n| acannaabn          |a aaa      </controlfield>
  <datafield tag="010" ind1=" " ind2=" ">
    <subfield code="a">n 2009047808</subfield>
  </datafield>
  <datafield tag="040" ind1=" " ind2=" ">
    <subfield code="a">DLC</subfield>
    <subfield code="b">eng</subfield>
    <subfield code="c">DLC</subfield>
    <subfield code="d">DLC</subfield>
  </datafield>
  <datafield tag="100" ind1="1" ind2=" ">
    <subfield code="a">Fisher, Tom,</subfield>
    <subfield code="d">1958-</subfield>
  </datafield>
  <datafield tag="400" ind1="1" ind2=" ">
    <subfield code="a">Fisher, Thomas Henry Sutton,</subfield>
    <subfield code="d">1958-</subfield>
  </datafield>
  <datafield tag="670" ind1=" " ind2=" ">
    <subfield code="a">Fisher, Tom. Designing for re-use, 2010:</subfield>
    <subfield code="b">eCIP t.p. (Tom Fisher) data view (Professor of Art and Design at Nottingham Trent University)</subfield>
  </datafield>
  <datafield tag="670" ind1=" " ind2=" ">
    <subfield code="a">Info. from pub., July 31, 2009:</subfield>
    <subfield code="b">(Thomas Henry Sutton Fisher, b. Aug. 19, 1958)</subfield>
  </datafield>
</record>